@article{Yan06,
  author  = {Yang, J. and Li, J.B. and Lin, G.},
  year    = {2006},
  month   = {08},
  pages   = {725-734},
  title   = {A simple approach to integration of acceleration data for dynamic soil–structure interaction analysis},
  volume  = {26},
  journal = {Soil Dynamics and Earthquake Engineering},
  doi     = {10.1016/j.soildyn.2005.12.011}
}

@article{Liu01,
  author  = {Liu, Hugh and Pang, Grantham},
  year    = {2001},
  month   = {06},
  pages   = {812-819},
  title   = {Accelerometer for mobile robot positioning},
  volume  = {37},
  journal = {Industry Applications, IEEE Transactions on},
  doi     = {10.1109/28.924763}
}

@techreport{Woo07,
  author = {Woodman, Oliver J.},
  title  = {An introduction to inertial navigation},
  year   = {2007},
  month  = {08},
  number = {696},
  pages  = {15-16}
}

@article{Est14,
  author  = {Estrada, Antonio and Efimov, Denis and Perruquetti, Wilfrid},
  year    = {2014},
  month   = {08},
  pages   = {6460-6465},
  title   = {Position and velocity estimation through acceleration measurements},
  journal = {19th IFAC World Congress}
}

@techreport{Mad10,
  title  = {An efficient orientation filter for inertial and inertial / magnetic sensor arrays},
  author = {Sebastian O. H. Madgwick},
  year   = {2010}
}

@book{Lav06,
  author    = {S. M. LaValle},
  title     = {Planning Algorithms},
  publisher = {Cambridge University Press},
  address   = {Cambridge, U.K.},
  note      = {Available at http://planning.cs.uiuc.edu/},
  year      = {2006},
  chapter   = {3.2.3 3D Transformations - Yaw, pitch, and roll rotations}
}

@article{Kow15,
  title   = {Evaluation of position estimation based on accelerometer data},
  author  = {Zdzislaw Kowalczuk and Tomasz Merta},
  journal = {2015 10th International Workshop on Robot Motion and Control (RoMoCo)},
  year    = {2015},
  pages   = {246-251}
}

@inproceedings{Kok12,
  author  = {Kok, Manon and Hol, J.D. and Schön, Thomas and Gustafsson, F. and Luinge, Hendrik},
  year    = {2012},
  month   = {01},
  pages   = {787-793},
  title   = {Calibration of a magnetometer in combination with inertial sensors},
  isbn    = {978-1-4673-0417-7},
  journal = {15th International Conference on Information Fusion, FUSION 2012}
}

@article{Geb06,
  author  = {Gebre-Egziabher, Demoz and Elkaim, Gabriel and Powell, J.D. and Parkinson, Bradford},
  year    = {2006},
  month   = {04},
  title   = {Calibration of Strapdown Magnetometers in Magnetic Field Domain},
  volume  = {19},
  journal = {Journal of Aerospace Engineering - J AEROSP ENG},
  doi     = {10.1061/(ASCE)0893-1321(2006)19:2(87)}
}

@article{Fan17,
  author  = {Fan, Bingfei and Li, Qingguo and Liu, Tao},
  year    = {2017},
  month   = {12},
  pages   = {76},
  title   = {How Magnetic Disturbance Influences the Attitude and Heading in Magnetic and Inertial Sensor-Based Orientation Estimation},
  volume  = {18},
  journal = {Sensors},
  doi     = {10.3390/s18010076}
}

@inproceedings{Du15,
  author = {Du, Jiaying and Gerdtman, Christer and Lindén, Maria},
  year   = {2015},
  month  = {01},
  pages  = {36-39},
  title  = {Signal Processing Algorithms for Position Measurement with MEMS-Based Accelerometer},
  doi    = {10.1007/978-3-319-12967-9_10}
}

@techreport{Sei07,
  author = {Seifert, Kurt and Camacho, Oscar},
  year   = {2007},
  title  = {Implementing Positioning Algorithms Using Accelerometers. Application Note},
  note   = {Freescale Semiconductor. AN3397}
}

@thesis{Pio19,
  author = {Piotrowicz, Dario},
  title  = {Developments of autism detection software: from MotionCapture to MoVEAS},
  year   = {2019},
  note   = {Bachelor's Thesis. University of Pisa},
}

@thesis{Lan17,
  author = {Lanini, Marco},
  title  = {Uso di tecnologie dell’Internet of Things per l’acquisizione di dati di movimento nella diagnosi dei disturbi dello spettro autistico},
  year   = {2017},
  note   = {Master's Thesis. University of Pisa},
}