@online{githubQos2Issue,
  title = {GitHub - MQTT Library for Photon, QoS2 issue},
  url   = {https://github.com/hirotakaster/MQTT/issues/65},
}

@online{UsingAcc,
  title = {Using Accelerometers to Estimate Position and Velocity},
  url   = {http://www.chrobotics.com/library/accel-position-velocity}
}

@online{UsingGCC,
  title = {Using the GNU Compiler Collection (GCC): Optimize Options},
  url   = {https://gcc.gnu.org/onlinedocs/gcc/Optimize-Options.html}
}

@online{CompensatingIron,
  title = {Compensating for Tilt, Hard-Iron, and Soft-Iron Effects},
  url   = {https://www.fierceelectronics.com/components/compensating-for-tilt-hard-iron-and-soft-iron-effects}
}

@online{WikipediaRotationM,
  title = {Rotation matrix},
  url = {https://en.wikipedia.org/wiki/Rotation_matrix}
}

@online{ParticlePhoton,
  title = {Particle Photon},
  url = {https://docs.particle.io/photon/}
}

@online{WikipediaIoT,
  title = {Internet of things},
  url = {https://en.wikipedia.org/wiki/Internet_of_things}
}

@online{IEEEIoT,
  title = {Define IoT - Towards a Definition of the Internet of Things},
  url = {https://iot.ieee.org/definition.html}
}

@online{Photon,
  author = {SparkFun Electronics},
  title = {Particle Photon (No Headers)},
  note = {License: Creative Commons BY 2.0},
  url = {https://www.flickr.com/photos/sparkfun/24548031871/}
}

@online{SensorDatasheet,
  title = {LSM9DS1 datasheet},
  url = {https://www.st.com/resource/en/datasheet/lsm9ds1.pdf}
}

@online{IMU,
  author = {SparkFun Electronics},
  title = {SparkFun 9DoF Sensor Stick},
  note = {License: Creative Commons BY 2.0},
  url = {https://www.sparkfun.com/products/13944}
}

@online{Node.js,
  title = {Node.js},
  url = {https://nodejs.org/en/}
}

@online{Express.js,
  title = {Node.js},
  url = {https://expressjs.com}
}
