@article{Yan06,
  author  = {Yang, J. and Li, J.B. and Lin, G.},
  year    = {2006},
  month   = {08},
  pages   = {725-734},
  title   = {A simple approach to integration of acceleration data for dynamic soil–structure interaction analysis},
  volume  = {26},
  journal = {Soil Dynamics and Earthquake Engineering},
  doi     = {10.1016/j.soildyn.2005.12.011}
}

@article{Liu01,
  author  = {Liu, Hugh and Pang, Grantham},
  year    = {2001},
  month   = {06},
  pages   = {812-819},
  title   = {Accelerometer for mobile robot positioning},
  volume  = {37},
  journal = {Industry Applications, IEEE Transactions on},
  doi     = {10.1109/28.924763}
}

@techreport{Woo07,
  author = {Woodman, Oliver J.},
  title  = {An introduction to inertial navigation},
  year   = {2007},
  month  = {08},
  number = {696},
  pages  = {15-16}
}

@article{Est14,
  author  = {Estrada, Antonio and Efimov, Denis and Perruquetti, Wilfrid},
  year    = {2014},
  month   = {08},
  pages   = {6460-6465},
  title   = {Position and velocity estimation through acceleration measurements},
  journal = {19th IFAC World Congress}
}

@techreport{Mad10,
  title  = {An efficient orientation filter for inertial and inertial / magnetic sensor arrays},
  author = {Sebastian O. H. Madgwick},
  year   = {2010}
}

@book{Lav06,
  author    = {S. M. LaValle},
  title     = {Planning Algorithms},
  publisher = {Cambridge University Press},
  address   = {Cambridge, U.K.},
  note      = {Available at http://planning.cs.uiuc.edu/},
  year      = {2006},
  pages     = {98-99},
  chapter   = {3.2.3 3D Transformations - Yaw, pitch, and roll rotations}
}

@article{Kow15,
  title   = {Evaluation of position estimation based on accelerometer data},
  author  = {Zdzislaw Kowalczuk and Tomasz Merta},
  journal = {2015 10th International Workshop on Robot Motion and Control (RoMoCo)},
  year    = {2015},
  pages   = {246-251}
}

@inproceedings{Kok12,
  author  = {Kok, Manon and Hol, J.D. and Schön, Thomas and Gustafsson, F. and Luinge, Hendrik},
  year    = {2012},
  month   = {01},
  pages   = {787-793},
  title   = {Calibration of a magnetometer in combination with inertial sensors},
  isbn    = {978-1-4673-0417-7},
  journal = {15th International Conference on Information Fusion, FUSION 2012}
}

@article{Geb06,
  author  = {Gebre-Egziabher, Demoz and Elkaim, Gabriel and Powell, J.D. and Parkinson, Bradford},
  year    = {2006},
  month   = {04},
  title   = {Calibration of Strapdown Magnetometers in Magnetic Field Domain},
  volume  = {19},
  journal = {Journal of Aerospace Engineering - J AEROSP ENG},
  doi     = {10.1061/(ASCE)0893-1321(2006)19:2(87)}
}

@article{Fan17,
  author  = {Fan, Bingfei and Li, Qingguo and Liu, Tao},
  year    = {2017},
  month   = {12},
  pages   = {76},
  title   = {How Magnetic Disturbance Influences the Attitude and Heading in Magnetic and Inertial Sensor-Based Orientation Estimation},
  volume  = {18},
  journal = {Sensors},
  doi     = {10.3390/s18010076}
}

@inproceedings{Du15,
  author = {Du, Jiaying and Gerdtman, Christer and Lindén, Maria},
  year   = {2015},
  month  = {01},
  pages  = {36-39},
  title  = {Signal Processing Algorithms for Position Measurement with MEMS-Based Accelerometer},
  doi    = {10.1007/978-3-319-12967-9_10}
}

@techreport{Sei07,
  author = {Seifert, Kurt and Camacho, Oscar},
  year   = {2007},
  title  = {Implementing Positioning Algorithms Using Accelerometers. Application Note},
  note   = {Freescale Semiconductor. AN3397}
}

@thesis{Pio19,
  author = {Piotrowicz, Dario},
  title  = {Developments of autism detection software: from MotionCapture to MoVEAS},
  year   = {2019},
  note   = {Bachelor's Thesis. University of Pisa},
}

@thesis{Lan17,
  author = {Lanini, Marco},
  title  = {Uso di tecnologie dell’Internet of Things per l’acquisizione di dati di movimento nella diagnosi dei disturbi dello spettro autistico},
  year   = {2017},
  note   = {Master's Thesis. University of Pisa},
}

@inproceedings{Mat08,
  author    = {Matej Andrejašič},
  title     = {MEMS ACCELEROMETERS},
  year      = {2008},
  month     = {03},
  note      = {Seminar at the University of Ljubljana, Faculty for mathematics and physics, Department of physics}
}

@article{Yas03,
  author  = {Mohd-Yasin, Faisal and Korman, Can and Nagel, David},
  year    = {2003},
  month   = {02},
  pages   = {357-360},
  title   = {Measurement of noise characteristics of MEMS accelerometers},
  volume  = {47},
  journal = {Solid-State Electronics},
  doi     = {10.1016/S0038-1101(02)00220-4}
}

@inproceedings{Ko07,
  author = {Ko, Jonathan and Klein, Daniel and Fox, Dieter and Haehnel, D.},
  year   = {2007},
  month  = {12},
  pages  = {1901 - 1907},
  title  = {GP-UKF: Unscented kalman filters with Gaussian process prediction and observation models},
  doi    = {10.1109/IROS.2007.4399284}
}

@article{Sär15,
  author = {Särkkä, Simo and Hartikainen, Jouni and Svensson, Lennart and Sandblom, Fredrik},
  year   = {2015},
  month  = {04},
  pages  = {},
  title  = {On the relation between Gaussian process quadratures and sigma-point methods}
}

@article{Kal60,
  title   = {A new approach to linear filtering and prediction problems},
  author  = {R. E. Kalman},
  year    = {1960},
  journal = {ASME - Journal of Basic Engineering},
  pages   = {35 - 45},
  volume  = {82 (Series D)}
}

@book{Rob20,
  title     = {Robotics Kinematics and Dynamics},
  chapter   = {Description of Position and Orientation},
  year      = {2018},
  url       = {https://en.wikibooks.org/wiki/Robotics_Kinematics_and_Dynamics/Description_of_Position_and_Orientation},
  urldate   = {2020-01-31}
}

@book{Tit04,
  author    = {Titterton, David and Weston, John},
  title     = {Strapdown Inertial Navigation Technology},
  subtitle  = {2nd Edition},
  publisher = {Institution of Engineering and Technology},
  year      = {2004},
  chapter   = {4.2.2.5 Gimbal lock}
}

@book{Gol10,
  author    = {Goldman, Ron},
  title     = {Rethinking Quaternions: Theory and Computation},
  publisher = {Morgan and Claypool Publishers},
  year      = {2010},
  pages     = {95-96},
  chapter   = {9.1 Efficiency: quaternions versus matrices}
}

@book{Kui99,
  author    = {Kuipers, Jack B.},
  title     = {Quaternions and Rotation Sequences: A Primer With Applications to Orbits, Aerospace and Virtual Reality},
  publisher = {Princeton University Press},
  year      = {1999},
  pages     = {104-105},
  chapter   = {5.2 Quaternions Defined}
}

@book{Bie99,
  author    = {Biezad, Daniel J.},
  title     = {Integrated Navigation and Guidance Systems},
  publisher = {American Institute of Aeronautics and Astronautics, Inc.},
  year      = {1999},
  pages     = {58-59},
  chapter   = {3.3.2.2 Gimbal lock}
}

@book{Ma19,
  author    = {Ma, Hongbin and Yan, Liping and Xia, Yuanqing and Fu, Mengyin},
  title     = {Kalman Filtering and Information Fusion},
  publisher = {Springer},
  year      = {2019},
  chapter   = {2.1 Standard Kalman Filter}
}

@book{Dil18,
  author    = {Dillon, Meighan I.},
  title     = {Geometry Through History},
  subtitle  = {Euclidean, Hyperbolic, and Projective Geometries},
  publisher = {Springer},
  year      = {2018},
  pages     = {325},
  chapter   = {10.4 Rotations in $\mathbb R^3$}
}

@article{Ham47,
  author  = {Hamilton, W.R.},
  year    = {1847},
  month   = {01},
  pages   = {89-92},
  title   = {Quaternions},
  volume  = {50},
  journal = {Proceedings of the Royal Irish Academy}
}

@article{Puj12,
  author    = {Pujol, J.},
  fjournal  = {Communications in Mathematical Analysis},
  journal   = {Commun. Math. Anal.},
  number    = {2},
  pages     = {1-14},
  publisher = {Mathematical Research Publishers},
  title     = {Hamilton, Rodrigues, Gauss, Quaternions, and Rotations: a Historical Reassessment},
  url       = {https://projecteuclid.org:443/euclid.cma/1349803591},
  volume    = {13},
  year      = {2012}
}

@inproceedings{Mad11, 
  author    = {S. O. H. {Madgwick} and A. J. L. {Harrison} and R. {Vaidyanathan}},
  booktitle = {2011 IEEE International Conference on Rehabilitation Robotics},
  title     = {Estimation of IMU and MARG orientation using a gradient descent algorithm},
  year      = {2011},
  pages     = {1-7},
  doi       = {10.1109/ICORR.2011.5975346},
  ISSN      = {1945-7898},
  month     = {06}
}

@inproceedings{Che12, 
  author    = {M. {Cheguini} and F. {Ruiz}},
  booktitle = {2012 IEEE 4th Colombian Workshop on Circuits and Systems (CWCAS)},
  title     = {Real-time attitude estimation based on Gradient Descent algorithm},
  year      = {2012},
  pages     = {1-6},
  doi       = {10.1109/CWCAS.2012.6404076},
  month     = {11}
}

@book{Cro15,
  author    = {Crouche, Phil},
  title     = {Air Navigation with the Jeppesen Cr-3},
  publisher = {Electrocution},
  year      = {2015},
  pages     = {28},
  chapter   = {2 Instruments - The Compass - Soft Iron}
}

@book{Sok,
  author    = {Sokolov, D. D.},
  title     = {Encyclopedia of Mathematics},
  chapter   = {Spherical coordinates},
  url       = {http://www.encyclopediaofmath.org/index.php?title=Spherical_coordinates&oldid=18298}
}

@book{Mit97,
  author    = {Mitchell, Tom M.},
  title     = {Machine Learning},
  publisher = {McGraw-Hill Science/Engineering/Math},
  year      = {1997},
  pages     = {1},
  chapter   = {1 Introduction}
}

@article{Sam59, 
  author  = {A. L. {Samuel}},
  journal = {IBM Journal of Research and Development},
  title   = {Some Studies in Machine Learning Using the Game of Checkers},
  year    = {1959},
  volume  = {3},
  number  = {3},
  pages   = {210-229},
  doi     = {10.1147/rd.33.0210},
  ISSN    = {0018-8646},
  month   = {07}
}

@article{Ros58,
  author  = {Rosenblatt, Frank},
  title   = {The Perceptron: A Probabilistic Model for Information Storage and Organization in The Brain},
  journal = {Psychological Review},
  year    = {1958},
  pages   = {65-386}
}

@book{Hay08,
  author    = {Haykin, Simon},
  title     = {Neural Networks and Learning Machines},
  subtitle  = {Third Edition},
  publisher = {Pearson},
  year      = {2008},
  pages     = {2},
  chapter   = {Introduction}
}

@article{Wai89, 
  author  = {A. {Waibel} and T. {Hanazawa} and G. {Hinton} and K. {Shikano} and K. J. {Lang}},
  journal = {IEEE Transactions on Acoustics, Speech, and Signal Processing},
  title   = {Phoneme recognition using time-delay neural networks},
  year    = {1989},
  volume  = {37},
  number  = {3},
  pages   = {328-339},
  doi     = {10.1109/29.21701},
  ISSN    = {0096-3518},
  month   = {03}
}

@book{Goo16,
  title     = {Deep Learning},
  author    = {Goodfellow, Ian and Bengio, Yoshua and Courville, Aaron},
  publisher = {MIT Press},
  url       = {http://www.deeplearningbook.org},
  year      = {2016},
  pages     = {326}
}

@article{Hin12,
  author  = {Hinton, Geoffrey and Srivastava, Nitish and Krizhevsky, Alex and Sutskever, Ilya and Salakhutdinov, Ruslan},
  year    = {2012},
  month   = {07},
  title   = {Improving neural networks by preventing co-adaptation of feature detectors},
  volume  = {arXiv},
  journal = {arXiv preprint}
}

@article{Kin14,
  title   = {Adam: A Method for Stochastic Optimization},
  author  = {Kingma, Diederik P. and Ba, Jimmy},
  year    = {2014},
  month   = {12},
  journal = {International Conference on Learning Representations}
}

@thesis{Vul19,
  author = {Vulcano, Yvonne},
  title  = {Una nuova interfaccia per MoVEAS: progettazione e realizzazione},
  year   = {2019},
  note   = {Bachelor's Thesis. University of Pisa},
}

@book{Sta18,
  author    = {Stanley, Michael and Lee, Jonmin},
  title     = {Sensor Analysis for the Internet of Things},
  subtitle  = {Synthesis Lectures of Algorithm and Software in Engineering},
  publisher = {Morgan \& Claypool Publishers},
  year      = {2018},
  chapter   = {3.3 Orientation Representations},
  pages     = {43}
}

@article{Tri83, 
  author  = {M. {Triantafyllou} and M. {Bodson} and M. {Athans}},
  journal = {IEEE Journal of Oceanic Engineering},
  title   = {Real time estimation of ship motions using Kalman filtering techniques},
  year    = {1983},
  volume  = {8},
  number  = {1},
  pages   = {9-20},
  doi     = {10.1109/JOE.1983.1145542},
  ISSN    = {2373-7786},
  month   = {01}
}

@article{Fun83, 
  author  = {P. {Fung} and M. {Grimble}},
  journal = {IEEE Transactions on Automatic Control},
  title   = {Dynamic ship positioning using a self-tuning Kalman filter},
  year    = {1983},
  volume  = {28},
  number  = {3},
  pages   = {339-350},
  ISSN    = {2334-3303},
  month   = {03}
}

@book{Feh97,
  author    = {Feher, Camilo},
  title     = {Telecommunications Measurements: Analysis and Instrumentation},
  publisher = {Scitech Publishing; Reprint edition},
  year      = {1997},
  chapter   = {7.2 White Noise},
  pages     = {182}
}

@article{Ozo08,
  author  = {Ozonoff, Sally and Macarim, Suzanne and Young, Gregory S. and Goldring, Stacy and Thompson, Meagan and Rogers, Sally J.},
  title   = {Atypical object exploration at 12 months of age is associated with autism in a prospective sample},
  journal = {Autism},
  volume  = {12},
  number  = {5},
  pages   = {457-472},
  year    = {2008},
  doi     = {10.1177/1362361308096402},
  note    = {PMID: 18805942}
}

@article{Bar05,
  author  = {Baranek, Grace T. and Barnett, Carolyn R. and Adams, Erin M. and Wolcott, Nancy A. and Watson, Linda R. and Crais, Elizabeth R.},
  title   = {Object Play in Infants With Autism: Methodological Issues in Retrospective Video Analysis},
  journal = {American Journal of Occupational Therapy},
  volume  = {59},
  number  = {1},
  pages   = {20-30},
  year    = {2005},
  month   = {01},
  issn    = {0272-9490},
  doi     = {10.5014/ajot.59.1.20}
}

@inbook{Lan19,
  author = {Lanini, Marco and Bondioli, Mariasole and Narzisi, Antonio and Pelagatti, Susanna and Chessa, Stefano},
  year   = {2019},
  month  = {01},
  pages  = {190-198},
  title  = {Sensorized Toys to Identify the Early ‘Red Flags’ of Autistic Spectrum Disorders in Preschoolers},
  isbn   = {978-3-030-01745-3},
  doi    = {10.1007/978-3-030-01746-0_22}
}

@inbook{Bon20,
  author = {Bondioli, Mariasole and Chessa, Stefano and Narzisi, Antonio and Pelagatti, Susanna and Piotrowicz, Dario},
  year   = {2020},
  month  = {01},
  pages  = {71-79},
  title  = {Capturing Play Activities of Young Children to Detect Autism Red Flags},
  isbn   = {978-3-030-24096-7},
  doi    = {10.1007/978-3-030-24097-4_9}
}

@article{Wet10,
  author  = {Wetherby, Amy and Woods, Juliann and Allen, Lori and Cleary, Julie and Dickinson, Holly and Lord, Catherine},
  year    = {2004},
  month   = {10},
  pages   = {473-93},
  title   = {Early Indicators of Autism Spectrum Disorders in the Second Year of Life},
  volume  = {34},
  journal = {Journal of autism and developmental disorders},
  doi     = {10.1007/s10803-004-2544-y}
}

@article{Bru07,
  author  = {Bruckner, Cornelia and Yoder, Paul},
  year    = {2007},
  month   = {04},
  pages   = {161-71},
  title   = {Restricted object use in young children with autism Definition and construct validity},
  volume  = {11},
  journal = {Autism : the international journal of research and practice},
  doi     = {10.1177/1362361307075709}
}

@article{Yan09,
  author  = {Yanbo, Huang},
  year    = {2009},
  month   = {09},
  title   = {Advances in Artificial Neural Networks – Methodological Development and Application},
  volume  = {2},
  journal = {Algorithms},
  doi     = {10.3390/algor2030973}
}

@inproceedings{Li15,
  author = {Li, Xiangang and Wu, Xihong},
  year   = {2015},
  month  = {04},
  pages  = {4520-4524},
  title  = {Constructing long short-term memory based deep recurrent neural networks for large vocabulary speech recognition},
  doi    = {10.1109/ICASSP.2015.7178826}
}

@article{Gra09, 
  author  = {A. {Graves} and M. {Liwicki} and S. {Fernández} and R. {Bertolami} and H. {Bunke} and J. {Schmidhuber}},
  journal = {IEEE Transactions on Pattern Analysis and Machine Intelligence},
  title   = {A Novel Connectionist System for Unconstrained Handwriting Recognition},
  year    = {2009},
  volume  = {31},
  number  = {5},
  pages   = {855-868},
  doi     = {10.1109/TPAMI.2008.137},
  ISSN    = {1939-3539},
  month   = {05}
}

@article{Wer88,
  title   = {Generalization of backpropagation with application to a recurrent gas market model},
  author  = {Werbos, Paul J.},
  journal = {Neural Networks},
  year    = {1988},
  volume  = {1},
  pages = {339-356}
}

@inproceedings{Fan15, 
  author    = {B. {Fan} and L. {Wang} and F. K. {Soong} and L. {Xie}},
  booktitle = {2015 IEEE International Conference on Acoustics, Speech and Signal Processing (ICASSP)},
  title     = {Photo-real talking head with deep bidirectional LSTM},
  year      = {2015},
  pages     = {4884-4888},
  doi       = {10.1109/ICASSP.2015.7178899},
  ISSN      = {2379-190X},
  month     = {04}
}

@inproceedings{Fer07,
  author    = {Fern\'{a}ndez, Santiago and Graves, Alex and Schmidhuber, J\"{u}rgen},
  title     = {An Application of Recurrent Neural Networks to Discriminative Keyword Spotting},
  year      = {2007},
  isbn      = {3540746935},
  publisher = {Springer-Verlag},
  address   = {Berlin, Heidelberg},
  booktitle = {Proceedings of the 17th International Conference on Artificial Neural Networks},
  pages     = {220–229},
  numpages  = {10},
  location  = {Porto, Portugal},
  series    = {ICANN’07}
}

@article{Pas12,
  author  = {Pascanu, Razvan and Mikolov, Tomas and Bengio, Y.},
  year    = {2012},
  month   = {11},
  title   = {On the difficulty of training Recurrent Neural Networks},
  journal = {30th International Conference on Machine Learning, ICML 2013}
}
