@online{githubQos2Issue,
  title = {GitHub - MQTT Library for Photon, QoS2 issue},
  url   = {https://github.com/hirotakaster/MQTT/issues/65},
  urldate = {2020-01-22}
}

@online{UsingAcc,
  title = {Using Accelerometers to Estimate Position and Velocity},
  url   = {http://www.chrobotics.com/library/accel-position-velocity},
  urldate = {2020-01-22}
}

@online{UsingGCC,
  title = {Using the GNU Compiler Collection (GCC): Optimize Options},
  url   = {https://gcc.gnu.org/onlinedocs/gcc/Optimize-Options.html},
  urldate = {2020-01-22}
}

@online{CompensatingIron,
  title = {Compensating for Tilt, Hard-Iron, and Soft-Iron Effects},
  url   = {https://www.fierceelectronics.com/components/compensating-for-tilt-hard-iron-and-soft-iron-effects},
  urldate = {2020-01-22}
}

@online{ParticlePhoton,
  title = {Particle Photon},
  url = {https://docs.particle.io/photon/},
  urldate = {2020-01-24}
}

@online{WikipediaIoT,
  title = {Internet of things},
  url = {https://en.wikipedia.org/wiki/Internet_of_things},
  urldate = {2020-01-24}
}

@online{IEEEIoT,
  title = {Define IoT - Towards a Definition of the Internet of Things},
  url = {https://iot.ieee.org/definition.html},
  urldate = {2020-01-24}
}

@online{Photon,
  author = {SparkFun Electronics},
  title = {Particle Photon (No Headers)},
  note = {License: Creative Commons BY 2.0},
  url = {https://www.flickr.com/photos/sparkfun/24548031871/},
  urldate = {2020-01-24}
}

@online{SensorDatasheet,
  title = {LSM9DS1 datasheet},
  url = {https://www.st.com/resource/en/datasheet/lsm9ds1.pdf},
  urldate = {2020-01-24}
}

@online{IMU,
  author = {SparkFun Electronics},
  title = {SparkFun 9DoF Sensor Stick},
  note = {License: Creative Commons BY 2.0},
  url = {https://www.sparkfun.com/products/13944},
  urldate = {2020-01-27}
}

@online{Node.js,
  title = {Node.js},
  url = {https://nodejs.org/en/},
  urldate = {2020-01-27}
}

@online{Express.js,
  title = {Express.js},
  url = {https://expressjs.com},
  urldate = {2020-01-27}
}

@online{MQTT,
  title = {MQTT},
  url = {http://mqtt.org},
  urldate = {2020-01-28}
}

@online{MQTTDoc,
  title = {MQTT Version 5.0 - OASIS standard},
  url = {https://docs.oasis-open.org/mqtt/mqtt/v5.0/mqtt-v5.0.pdf},
  urldate = {2020-01-28}
}

@online{KnowMQTT,
  title = {Getting to know MQTT},
  url = {https://developer.ibm.com/articles/iot-mqtt-why-good-for-iot/},
  urldate = {2020-01-28}
}

@online{ClientBroker,
  title = {Client, Broker / Server and Connection Establishment - MQTT Essentials: Part 3},
  url = {https://www.hivemq.com/blog/mqtt-essentials-part-3-client-broker-connection-establishment/},
  urldate = {2020-01-28}
}

@online{MongoDB,
  title = {MongoDB},
  url = {https://www.mongodb.com},
  urldate = {2020-01-28}
}

@online{BSONSpec,
  title = {BSON (Binary JSON) serialization},
  url = {http://bsonspec.org},
  urldate = {2020-01-28}
}

@online{WikipediaKalman,
  title = {Kalman filter},
  url = {https://en.wikipedia.org/wiki/Kalman_filter},
  urldate = {2020-01-30}
}

@online{WikipediaGaussianNoise,
  title = {Gaussian noise},
  url = {https://en.wikipedia.org/wiki/Gaussian_noise},
  urldate = {2020-01-30}
}

@online{WikimediaPlane,
  author = {Juansempere},
  title = {Yaw, pitch and roll},
  url = {https://commons.wikimedia.org/wiki/File:Plane.svg},
  date = {2009-05-26},
  note = {License: Creative Commons BY 3.0},
  urldate = {2020-01-31}
}

@online{WikipediaEulerAngles,
  title = {Euler angles},
  url = {https://en.wikipedia.org/wiki/Euler_angles},
  urldate = {2020-01-31}
}

@online{HartleySpherical,
  author = {Josiah Hartley},
  title = {Spherical Coordinates},
  url = {https://s3.us-east-2.amazonaws.com/hartleymathbc180f0aa10147f0b1ef6d0521a12073/public/images/SphericalCoords.jpg},
  note = {License: Creative Commons BY-SA 4.0},
  urldate = {2020-02-04}
}

@online{WikipediaNeuron,
  author = {Quasar Jarosz},
  title = {Neuron},
  url = {https://upload.wikimedia.org/wikipedia/commons/b/bc/Neuron_Hand-tuned.svg},
  date = {2009-08-11},
  note = {Edited version. License: Creative Commons BY-SA 3.0},
  urldate = {2020-02-06}
}

@online{WikipediaTDNN,
  author = {Chrislb},
  title = {Diagram of a Time Delay Neural Networks},
  url = {https://upload.wikimedia.org/wikipedia/commons/0/01/DiagramTDNN_english.png},
  date = {2005-07-13},
  note = {License: Creative Commons BY-SA 3.0},
  urldate = {2020-02-15}
}

@online{Hui19,
  author = {Huilgol, Purva},
  title = {Accuracy vs. F1-Score},
  url = {https://medium.com/analytics-vidhya/accuracy-vs-f1-score-6258237beca2},
  date = {2019-08-24},
  urldate = {2020-02-16}
}
